@article{Benoit.2016,
	title={Review of heat transfer fluids in tube-receivers used in concentrating solar thermal systems: Properties and heat transfer coefficients},
	author={Benoit, H and Spreafico, L and Gauthier, D and Flamant, G},
	journal={Renewable and Sustainable Energy Reviews},
	volume={55},
	pages={298--315},
	year={2016},
	publisher={Elsevier}
}

@misc{fleetOwner,
	title = {Platooning is closer than you think – just like the trucks},
	url ={http://fleetowner.com/driver-management-resource-center/platooning-closer-you-think-just-trucks/},
	urldate={2015-05-29},
	journal={FleetOwner},
	author={Larry Kahaner},
	month={may},
	year={2015},
}

@misc{ECCDecision,
	title = "The harmonised conditions for devices using
	Ultra-Wideband {(UWB)} technology in bands
	below 10.6 GHz",
	url ={http://www.erodocdb.dk/docs/doc98/official/pdf/ECCDec0604.pdf},
	urldate={2006-03-24},
	journal={ECC Decision},
	author={ECC},
	month={March},
	year={2006},
}


@misc{IntelUWB,
	title = {Ultra-Wideband (UWB) Technology},
	url ={http://www.usb.org/wusb/docs/Ultra-Wideband.pdf},
	urldate={2015-06-01},
	journal={Intel White Paper},
	author={Intel},
	month={June},
	year={2015},
}

@book{haykin2008communication,
	title={Communication systems},
	author={Haykin, Simon},
	year={2008},
	publisher={John Wiley \& Sons}
}

@misc{euTPC,
	title = {European Truck Platooning Challenge},
	url ={https://www.eutruckplatooning.com/default.aspx},
	urldate={2016-07-21},
	journal={European Truck Platooning},
	author={EU TPC},
	month={April},
	year={2016},
}

@article{NREL,
	title={Effect of platooning on fuel consumption of class 8 vehicles over a range of speeds, following distances, and mass},
	author={Lammert, Michael P and Duran, Adam and Diez, Jeremy and Burton, Kevin and Nicholson, Alex},
	journal={SAE International Journal of Commercial Vehicles},
	volume={7},
	number={2014-01-2438},
	pages={626--639},
	year={2014}
}

@misc{802.11pStandard,
	title = "{IEEE} Standard for Information Technology- Wireless Access in Vehicular Environments",
	url ={https://www.ietf.org/mail-archive/web/its/current/pdfqf992dHy9x.pdf},
	urldate={2015-07-15},
	journal={IEEE Computer Soc.},
	author={Task Group IEEE802.11p},
	year={2015},
}

@misc{cohdaMK5,
	title = {MK5 On Board Unit},
	url ={http://cohdawireless.com/Portals/0/MK5_OBU_10122015.pdf},
	urldate={2015-07-24},
	journal={Cohda Wireless},
	author={Cohda Wireless Europe GmbH},
	year={2015},
}

@misc{DW1000UserManual,
	title = {DW1000 user manual},
	url ={http://www.decawave.com/support/dw1000_user_manual.pdf},
	urldate={2015-07-24},
	journal={Decawave},
	author={Decawave},
	year={2015},
}

@misc{LPCUserManual,
	title = {LPCXpresso4337 user manual},
	url ={http://www.nxp.com/documents/user_manual/UM10503.pdf},
	urldate={2015-12-10},
	journal={NXP},
	author={NXP},
	year={2015},
}

@misc{DW1000DataSheet,
	title = {DW1000 datasheet},
	url ={http://www.decawave.com/support/DWM1000_data_sheet.pdf},
	urldate={2015-07-24},
	journal={Decawave},
	author={Decawave},
	year={2015},
}

@inproceedings{kohno2008latest,
	title="Latest regulation and R\&D for {UWB} inter-vehicle radar in millimeter wave band",
	author={Kohno, Ryuji},
	booktitle={ITS Telecommunications, 2008. ITST 2008. 8th International Conference on},
	pages={4--4},
	year={2008},
	organization={IEEE}
}

@inproceedings{sakkila2008uwb,
	title="{UWB} Radar system for road anti-collision application",
	author={Sakkila, L and Tatkeu, C and Boukour, F and El Hillali, Y and Rivenq, A and Rouvean, JM},
	booktitle={Information and Communication Technologies: From Theory to Applications, 2008. ICTTA 2008. 3rd International Conference on},
	pages={1--6},
	year={2008},
	organization={IEEE}
}

@inproceedings{doi2004frequency,
	title={Frequency hopping ultra wideband inter-vehicle radar system using chirp waveforms},
	author={Doi, T and Matsumura, Takeshi and Mizutani, Katsuya and Tsuji, H and Wakana, H and Ohmori, S and Kohno, R},
	booktitle={Ultra Wideband Systems, 2004. Joint with Conference on Ultrawideband Systems and Technologies. Joint UWBST \& IWUWBS. 2004 International Workshop on},
	pages={386--390},
	year={2004},
	organization={IEEE}
}

@inproceedings{takahara2012study,
	title={A study on UWB radar assisted by inter-vehicle communication for safety applications},
	author={Takahara, Hiroki and Ohno, Kohei and Itami, Makoto},
	booktitle={Vehicular Electronics and Safety (ICVES), 2012 IEEE International Conference on},
	pages={99--104},
	year={2012},
	organization={IEEE}
}

@inproceedings{takahara2014study,
	title="A study on improving performance of communication and ranging in cooperative {UWB} radar and {IVC} system",
	author={Takahara, Hiroki and Kurosu, Sou and Namakura, Akira and Ohno, Kohei and Itami, Makoto},
	booktitle={2014 International Conference on Connected Vehicles and Expo (ICCVE)},
	pages={130--131},
	year={2014},
	organization={IEEE}
}

@inproceedings{takahara2013study,
	title="A study on the iterative detection system using the SIC in the cooperative {UWB} radar and {IVC} system",
	author={Takahara, Hiroki and Ohno, Kohei and Itami, Makoto},
	booktitle="ITS Telecommunications {(ITST)}, 2013 13th International Conference on",
	pages={187--192},
	year={2013},
	organization={IEEE}
}

@article{elbahhar2005using,
	title="Using {UWB} Gaussian pulses for inter-vehicle communications",
	author={Elbahhar, F and Rivenq, A and Heddebaut, M and Rouvaen, JM},
	journal={IEE Proceedings-Communications},
	volume={152},
	number={2},
	pages={229--234},
	year={2005},
	publisher={IET}
}

@inproceedings{findikli2011performance,
	title="Performance of {IEEE} 802.15. 4a systems in the presence of narrowband interference",
	author={F{\i}nd{\i}kl{\i}, {\c{C}}a{\u{g}}lar and Erk{\"u}{\c{c}}{\"u}k, Serhat and {\c{C}}elebi, Mehmet Ertu{\u{g}}rul},
	booktitle={Ultra-Wideband (ICUWB), 2011 IEEE International Conference on},
	pages={395--399},
	year={2011},
	organization={IEEE}
}

@article{hamalainen2003ultra,
	title={Ultra-wideband signal impact on the performances of IEEE 802.11 b and bluetooth networks},
	author={H{\"a}m{\"a}l{\"a}inen, Matti and Saloranta, Jani and M{\"a}kel{\"a}, Juha-Pekka and Oppermann, Ian and Patana, Tero},
	journal={International Journal of Wireless Information Networks},
	volume={10},
	number={4},
	pages={201--210},
	year={2003},
	publisher={Springer}
}

@inproceedings{sadowski2011narrowband,
	title="Narrowband transmission quality in presence of modified {IEEE} 802.15. 4a impulse radio interference",
	author={Sadowski, Jaroslaw and Sadowski, Jaros{\l}aw},
	booktitle={10th International Symposium on Electromagnetic Compatibility},
	year={2011}
}

@inproceedings{taha2002theoretical,
	title="A theoretical study on the effects of interference {UWB} multiple access impulse radio",
	author={Taha, Ali and Chugg, Keith M},
	booktitle={Signals, Systems and Computers, 2002. Conference Record of the Thirty-Sixth Asilomar Conference on},
	volume={1},
	pages={728--732},
	year={2002},
	organization={IEEE}
}

@article{ahmed2008impact,
	title="On the impact of ultra-wideband {(UWB)} on macrocell downlink of UMTS and CDMA-450 systems",
	author={Ahmed, Bazil Taha and Ramon, Miguel Calvo},
	journal={IEEE Transactions on Electromagnetic Compatibility},
	volume={50},
	number={2},
	pages={406--412},
	year={2008},
	publisher={IEEE}
}

@article{chiani2009coexistence,
	title="Coexistence between {UWB} and narrow-band wireless communication systems",
	author={Chiani, Marco and Giorgetti, Andrea},
	journal={Proceedings of the IEEE},
	volume={97},
	number={2},
	pages={231--254},
	year={2009},
	publisher={IEEE}
}

@inproceedings{lewandowski2010coexistence,
	title={Coexistence of 802.11 b and 802.15. 4a-CSS: Measurements, Analytical Model and Simulation},
	author={Lewandowski, Andreas and Putzke, Markus and Koster, Volker and Wietfeld, Christian},
	booktitle="Vehicular Technology Conference (VTC 2010-Spring), 2010 {IEEE} 71st",
	pages={1--6},
	year={2010},
	organization={IEEE}
}

@article{mishra2007detect,
	title={Detect and avoid: an ultra-wideband/WiMAX coexistence mechanism [Topics in Radio Communications]},
	author={Mishra, Shridhar Mubaraq and Brodersen, Robert W and ten Brink, Stephan and Mahadevappa, Ravishankar},
	journal={IEEE Communications Magazine},
	volume={45},
	number={6},
	pages={68--75},
	year={2007},
	publisher={IEEE}
}

@article{soganci2011accurate,
	title={Accurate positioning in ultra-wideband systems},
	author={Soganci, Hamza and Gezici, Sinan and Poor, H Vincent},
	journal={IEEE Wireless Communications},
	volume={18},
	number={2},
	pages={19--27},
	year={2011},
	publisher={IEEE}
}

@phdthesis{lanzisera2009rf,
	title="{RF} ranging for location awareness",
	author={Lanzisera, Steven Michael and Pister, Kristofer},
	year={2009},
	school={University of California, Berkeley}
}

@inproceedings{kristem2014experimental,
	title="Experimental determination of {UWB} ranging errors in an outdoor environment",
	author={Kristem, Vinod and Niranjayan, Somasundaram and Sangodoyin, Seun and Molisch, Andreas F},
	booktitle={2014 IEEE International Conference on Communications (ICC)},
	pages={4838--4843},
	year={2014},
	organization={IEEE}
}

@article{petovello2012demonstration,
	title={Demonstration of inter-vehicle UWB ranging to augment DGPS for improved relative positioning},
	author={Petovello, Mark G and O’Keefe, Kyle and Chan, Billy and Spiller, Stephanie and Pedrosa, Cyril and Xie, Peng and Basnayake, Chaminda},
	journal={Journal of Global Positioning Systems},
	volume={11},
	number={1},
	pages={11--21},
	year={2012}
}

@inproceedings{ye2011experimental,
	title="Experimental impulse radio {IEEE} 802.15. 4a UWB based wireless sensor localization technology: Characterization, reliability and ranging",
	author={Ye, Tingcong and Walsh, Michael and Haigh, Peter and Barton, John and O'Flynn, Brendan},
	booktitle="{ISSC} 2011, 22nd {IET} Irish Signals and Systems Conference, Dublin, Ireland. 23-24 Jun 2011",
	year={2011},
	organization={Insitution of Engineering and Technology}
}

@article{ezell2010explaining,
	title={Explaining international it application leadership: Intelligent transportation systems},
	author={Ezell, Stephen},
	year={2010}
}

@book{drane1998positioning,
	title={Positioning systems in intelligent transportation systems},
	author={Drane, Chris R and Rizos, Chris},
	year={1998},
	publisher={Artech House, Inc.}
}

@article{facts2008data,
	title={Data: Older Population},
	author={Facts, Traffic Safety},
	journal={National Highway Trafific Safety Administration},
	year={2008}
}

@book{el2002introduction,
	title={Introduction to GPS: the global positioning system},
	author={El-Rabbany, Ahmed},
	year={2002},
	publisher={Artech House}
}

@article{de1997behavioral,
	title={Behavioral aspects of automatic vehicle guidance: Relationship between headway and driver comfort},
	author={De Vos, Alexander and Theeuwes, Jan and Hoekstra, Wytze and Co{\"e}met, Mich{\`e}le},
	journal={Transportation Research Record: Journal of the Transportation Research Board},
	number={1573},
	pages={17--22},
	year={1997},
	publisher={Transportation Research Board of the National Academies}
}

@article{shladover2005automated,
	title={Automated vehicles for highway operations (automated highway systems)},
	author={Shladover, Steven E},
	journal={Proceedings of the Institution of Mechanical Engineers, Part I: Journal of Systems and Control Engineering},
	volume={219},
	number={1},
	pages={53--75},
	year={2005},
	publisher={SAGE Publications}
}

@inproceedings{bergenhem2010challenges,
	title={Challenges of platooning on public motorways},
	author={Bergenhem, Carl and Huang, Qihui and Benmimoun, Ahmed and Robinson, Tom},
	booktitle={17th world congress on intelligent transport systems},
	pages={1--12},
	year={2010}
}

@inproceedings{chan2012cooperative,
	title={Cooperative control of SARTRE automated platoon vehicles},
	author={Chan, Eric and Gilhead, Peter and Jelinek, Pavel and Krejci, Petr and Robinson, Tom},
	booktitle={19th ITS World Congress, Vienna, Austria},
	pages={22--26},
	year={2012}
}

@inproceedings{davila2010sartre,
	title={Sartre: Safe road trains for the environment},
	author={D{\'a}vila, Arturo and Nombela, Mario},
	booktitle={Conference on Personal Rapid Transit PRT@ LHR},
	volume={3},
	pages={2--3},
	year={2010}
}

@misc{ieee1997wireless,
	title="Wireless LAN medium access control {(MAC)} and physical layer {(PHY)} specifications",
	author={IEEE Computer Society LAN MAN Standards Committee and others},
	year={1997},
	publisher={IEEE Std}
}

@article{reding2007commission,
	title={Commission decision on the harmonised use of radio spectrum in the 2 GHz frequency bands for the implementation of systems providing mobile satellite services},
	author={Reding, V},
	journal={Comisi{\'o}n Europea, documento C},
	volume={409},
	pages={14},
	year={2007}
}

@article{etsi2009intelligent,
	title={Intelligent Transport Systems (ITS); European profile standard on the physical and medium access layer of 5 GHz ITS},
	author={ETSI, TCITS},
	journal={Standard ETSI ES},
	volume={202},
	number={663},
	pages={v1},
	year={2009}
}

@article{mecklenbrauker2011vehicular,
	title={Vehicular channel characterization and its implications for wireless system design and performance},
	author={Mecklenbrauker, Christoph F and Molisch, Andreas F and Karedal, Johan and Tufvesson, Fredrik and Paier, Alexander and Bernad{\'o}, Laura and Zemen, Thomas and Klemp, Oliver and Czink, Nicolai},
	journal={Proceedings of the IEEE},
	volume={99},
	number={7},
	pages={1189--1212},
	year={2011},
	publisher={IEEE}
}

@article{karapistoli2010overview,
	title={An overview of the IEEE 802.15. 4a standard},
	author={Karapistoli, Eirini and Pavlidou, Fotini-Niovi and Gragopoulos, Ioannis and Tsetsinas, Ioannis},
	journal={IEEE Communications Magazine},
	volume={48},
	number={1},
	pages={47--53},
	year={2010},
	publisher={IEEE}
}

@inproceedings{chen2009ieee,
	title={IEEE 1609.4 DSRC multi-channel operations and its implications on vehicle safety communications},
	author={Chen, Qi and Jiang, Daniel and Delgrossi, Luca},
	booktitle={2009 IEEE vehicular networking conference (VNC)},
	pages={1--8},
	year={2009},
	organization={IEEE}
}

@article{zhang2009uwb,
	title="{UWB} systems for wireless sensor networks",
	author={Zhang, Jinyun and Orlik, Philip V and Sahinoglu, Zafer and Molisch, Andreas F and Kinney, Patrick},
	journal={Proceedings of the IEEE},
	volume={97},
	number={2},
	pages={313--331},
	year={2009},
	publisher={IEEE}
}

@article{gutierrez2004low,
	title={Low Rate Wireless Personal Area Networks (LR-WPAN 802.15. 4 standard)},
	author={Mirzoev, Dr and others},
	journal={arXiv preprint arXiv:1404.2345},
	year={2014}
}

@article{ipatov1979ternary,
	title={Ternary sequences with ideal periodic autocorrelation properties},
	author={Ipatov, VP},
	journal={Radio Engineering and Electronic Physics},
	volume={24},
	pages={75--79},
	year={1979}
}

@phdthesis{vugts2010string,
	title={String-stable cacc design and experimental validation},
	author={Vugts, RPA},
	year={2010},
	school={Technische Universiteit Eindhoven}
}